<record><leader>00000cas a2200000 a 4500</leader><controlfield tag="001">32288216</controlfield><controlfield tag="008">950411d19631991nyuwr ne      0    0eng c</controlfield><datafield ind1=" " ind2=" " tag="010"><subfield code="a">sn 95071196 </subfield></datafield><datafield ind1=" " ind2=" " tag="040"><subfield code="a">NYS</subfield><subfield code="b">eng</subfield><subfield code="c">NYS</subfield><subfield code="d">OCLCQ</subfield><subfield code="d">OCLCF</subfield><subfield code="d">OCLCO</subfield></datafield><datafield ind1="1" ind2=" " tag="029"><subfield code="a">AU@</subfield><subfield code="b">000011783143</subfield></datafield><datafield ind1=" " ind2=" " tag="042"><subfield code="a">pcc</subfield></datafield><datafield ind1=" " ind2=" " tag="043"><subfield code="a">n-us-ny</subfield></datafield><datafield ind1="0" ind2="0" tag="245"><subfield code="a">Meadowbrook times.</subfield></datafield><datafield ind1=" " ind2=" " tag="260"><subfield code="a">East Meadow, N.Y. :</subfield><subfield code="b">Meadowbrook Times,</subfield><subfield code="c">1963-1991.</subfield></datafield><datafield ind1=" " ind2=" " tag="300"><subfield code="a">28 v.</subfield></datafield><datafield ind1=" " ind2=" " tag="310"><subfield code="a">Weekly</subfield></datafield><datafield ind1="0" ind2=" " tag="362"><subfield code="a">Vol. 1, no. 1 (Jan. 10, 1963)-v. 28, no. 35 (Dec. 25, 1991).</subfield></datafield><datafield ind1=" " ind2=" " tag="500"><subfield code="a">Published by: Bi-County Pub., Inc. &lt;1966-1989&gt;; Richner Publications, Inc., &lt;1990&gt;-1991.</subfield></datafield><datafield ind1=" " ind2=" " tag="500"><subfield code="a">"Serving Westbury, Uniondale, East Meadow, Levittown and North Bellmore."</subfield></datafield><datafield ind1=" " ind2="0" tag="651"><subfield code="a">East Meadow (N.Y.)</subfield><subfield code="v">Newspapers.</subfield></datafield><datafield ind1=" " ind2="0" tag="651"><subfield code="a">Nassau County (N.Y.)</subfield><subfield code="v">Newspapers.</subfield></datafield><datafield ind1=" " ind2="7" tag="655"><subfield code="a">Newspapers.</subfield><subfield code="2">fast</subfield><subfield code="0">(OCoLC)fst01423814</subfield></datafield><datafield ind1=" " ind2="7" tag="651"><subfield code="a">New York (State)</subfield><subfield code="z">East Meadow.</subfield><subfield code="2">fast</subfield><subfield code="0">(OCoLC)fst01260073</subfield></datafield><datafield ind1=" " ind2="7" tag="651"><subfield code="a">New York (State)</subfield><subfield code="z">Nassau County.</subfield><subfield code="2">fast</subfield><subfield code="0">(OCoLC)fst01205518</subfield></datafield><datafield ind1=" " ind2=" " tag="752"><subfield code="a">United States</subfield><subfield code="b">New York</subfield><subfield code="c">Nassau</subfield><subfield code="d">East Meadow.</subfield></datafield><datafield ind1="0" ind2="7" tag="785"><subfield code="t">East Meadow herald</subfield></datafield><datafield ind1="0" ind2="7" tag="785"><subfield code="t">Meadowbrook times and East Meadow herald</subfield><subfield code="w">(DLC)sn 97063640</subfield><subfield code="w">(OCoLC)37494618</subfield></datafield></record>